@book{lamport2002specifying,
  title={Specifying systems},
  author={Lamport, Leslie},
  volume={388},
  year={2002},
  publisher={Addison-Wesley Boston}
}

@misc{kfkTla,
    author={Jason Gustafson},
    title={Hardening Kafka Replication},
    howpublished={\url{https://kafka-summit.org/sessions/hardening-kafka-replication/ ; https://github.com/hachikuji/kafka-specification }},
    year={2004}, 
    note={Pristatymas konferencijoje},
}

@article{newcombe2014use,
  title={Use of formal methods at Amazon Web Services},
  author={Newcombe, Chris and Rath, Tim and Zhang, Fan and Munteanu, Bogdan and Brooker, Marc and Deardeuff, Michael},
  journal={See http://research. microsoft. com/en-us/um/people/lamport/tla/formal-methods-amazon. pdf},
  year={2014}
}

@misc{kfkBug,
    author={Eric Ward},
    title={Kafka Controller doesn't failover during hardware failure},
    howpublished={\url{https://issues.apache.org/jira/browse/KAFKA-9957 }},
    year={2020}, 
    note={Kafka problem≈≥ sistemoje paskelbtas sistemos sutrikimas},
}


